@article{turing,
  author = {Alan Turing},
  title = {The Chemical Basis of Morphogenesis},
  journal = {Philosophical Transactions of the Royal Society of London},
  volume = {237},
  number = {641},
  pages = {37-72},
  year = {1952}
}

@article{grayscott,
  author = {P.Gray, S.K.Scot},
  title = {Autocatalytic reactions in the isothermal, continuous stirred tank reactor: Oscillations and instabilities in the
    system A + 2B to 3B; B to C},
  journal = {Chemical Engineering Science},
  volume = {39},
  number = {6},
  pages = {1087-1097},
  year = {1984},
  DOI = {https://doi.org/10.1016/0009-2509(84)87017-7}
}
