@article{ams,
  author = {Bill Casselman},
  title = {From B\'{e}zier to Bernstein},
  journal = {American Mathematical Society},
  volume = {39},
  number = {6},
  pages = {1087-1097},
  year = {1984}
}

@article{weierstrass,
  author = {Allan Pinkus},
  title = {Weierstrass and Approximation Theory},
  journal = {Journal of Approximation Theory},
  volume = {107},
  issue = {1},
  pages = {1-66},
  year = {2000}
}

@conference{bezierPaths,
  author = {Tim Jusko},
  title = {Scalable Trajectory Optimization based on BÃ©zier Curves},
  month = {December},
  year = {2016},
  publisher = {Deutscher Luft- und Raumfahrtkongress}
}

@article{bezierAirfoil,
  author = {Tim Rogalsky and W. Derksen, R and N, Rt and Kocabiyik, S.},
  title = {Differential Evolution in Aerodynamic Optimization},
  journal = {Canadian Aeronautics and Space Journal},
  issue = {46},
  year = {2000}
}

@article{bezierSoccerPaths,
  author = {G. Jolly, K and Sreerama Kumar, R and Vijayakumar, R},
  year = {2009},
  month = {01},
  pages = {23-33},
  title = {A Bezier curve based path planning in a multi-agent robot soccer system without violating the
acceleration limits},
  volume = {57},
  booktitle = {Robotics and Autonomous Systems}
}

@inproceedings{HBioMed, 
  author={V. Uhlmann and R. Delgado-Gonzalo and C. Conti and L. Romani and M. Unser}, 
  booktitle={2014 IEEE International Conference on Acoustics, Speech and Signal Processing (ICASSP)}, 
  title={Exponential Hermite splines for the analysis of biomedical images}, 
  year={2014}, 
  pages={1631-1634}, 
  doi={10.1109/ICASSP.2014.6853874}, 
  ISSN={1520-6149}, 
  month={May}
}

@article{HWavelets, 
  author={A. Z. Averbuch and V. A. Zheludev and T. Cohen}, 
  journal={IEEE Transactions on Signal Processing}, 
  title={Multiwavelet Frames in Signal Space Originated From Hermite Splines}, 
  year={2007}, 
  volume={55}, 
  number={3}, 
  pages={797-808}, 
  doi={10.1109/TSP.2006.887569}, 
  ISSN={1053-587X}, 
  month={March}
}

@inproceedings{HCardo, 
  author={K. S. Park and B. H. Cho and D. H. Lee and S. H. Song and J. S. Lee and Y. J. Chee and I. Y. Kim and
S. I. Kim}, 
  booktitle={2008 Computers in Cardiology}, 
  title={Hierarchical support vector machine based heartbeat classification using higher order statistics and
hermite basis function}, 
  year={2008}, 
  pages={229-232}, 
  doi={10.1109/CIC.2008.4749019}, 
  ISSN={0276-6574}, 
  month={Sept}
}

@article{HRegression,
  author={David E Giles},
  title={{Hermite regression analysis of multi-modal count data}},
  journal={Economics Bulletin},
  year=2010,
  volume={30},
  number={4},
  pages={2936-2945},
}

@inproceedings{HMove, 
  author={A. Boeing}, 
  booktitle={2008 IEEE Symposium On Computational Intelligence and Games}, 
  title={Morphology independent dynamic locomotion control for virtual characters}, 
  year={2008}, 
  pages={283-289}, 
  doi={10.1109/CIG.2008.5035651}, 
  ISSN={2325-4270}, 
  month={Dec}
}
