@article{turing,
  author = {Alan Turing},
  title = {The Chemical Basis of Morphogenesis},
  journal = {Philosophical Transactions of the Royal Society of London},
  volume = {237},
  number = {641},
  pages = {37-72},
  year = {1952}
}

@article{grayscott,
  author = {Gray and Scott},
  title = {Autocatalytic reactions in the isothermal, continuous stirred tank reactor: Oscillations and instabilities in the
    system A + 2B to 3B; B to C},
  journal = {Chemical Engineering Science},
  volume = {39},
  number = {6},
  pages = {1087-1097},
  year = {1984},
}

@article{lotkaVolterra,
  author = {Zhong and Wang and Zhengyi and Lu},
  title = {
    Global stability for a Lotka-Volterra reaction-diffusion system with a qualitatively stable matrix
  },
  journal = {Mathematical and Computer Modeling},
  volume = {30},
  issue = {9-10},
  pages = {55-62},
  year = {1999}
}

@article{fisher,
  author = {R.A.Fisher},
  title = {The Wave of Advance of Advantageous Genes},
  journal = {Annals of Human Genetics},
  volume = {7},
  issue = {4},
  pages = {355-369},
  year = {1937}
}

@article{cahnHilliard,
  author = {John W. Cahn and John E. Hilliard},
  title = {Free Energy of a Nonuniform System. I. Interfacial Free Energy},
  journal = {The Journal of Chemical Physics},
  volume = {28},
  issue = {2},
  year = {1958}
}

@article{CHAlloys,
  author = {F. J. Vermolen, et al.},
  title = {Numerical Solutions of Some Diffuse Interface Problems: The Cahn-Hilliard Equation and the Model of
    Thomas and Windle},
  journal = {International Journal for Multiscale Computational Engineering},
  volume = {7},
  issue = {6},
  pages = {523-543},
  year = {2009}
}

@article{CHEmulsions,
  author = {Joon Choi, Young and Anderson, Patrick},
  year = {2012},
  month = {06},
  title = {Cahn–Hilliard modeling of particles suspended in two‐phase flows},
  volume = {69},
  journal = {International Journal for Numerical Methods in Fluids},
  doi = {10.1002/fld.2623}
}

@article{turingsCat,
  title = {Two-stage Turing model for generating pigment patterns on the leopard and the jaguar},
  author = {Liu, R. T. and Liaw, S. S. and Maini, P. K.},
  journal = {Phys. Rev. E},
  volume = {74},
  issue = {1},
  pages = {011914},
  year = {2006},
  month = {Jul},
  publisher = {American Physical Society},
  doi = {10.1103/PhysRevE.74.011914},
  url = {https://link.aps.org/doi/10.1103/PhysRevE.74.011914}
}

@article{logisticTumor,
  author = {Fory{\'s} and Marciniak-Czochra},
  year = {2003},
  month = {01},
  pages = {317-325},
  title = {Logistic equation in tumour growth modelling},
  volume = {13},
  journal = {Int. J. Appl. Math. Comput. Sci}
}

@misc{reactionLamp,
  title={REACTION LAMP \#1},
  url={https://n-e-r-v-o-u-s.com/blog/?p=879},
  journal={nervous system},
  author={Jessica},
  year={2010},
  month={Aug}
}
